@inproceedings{hodge2019exploring,
  title={Exploring media capture of meaningful experiences to support families living with dementia},
  author={Hodge, James and Montague, Kyle and Hastings, Sandra and Morrissey, Kellie},
  booktitle={Proceedings of the 2019 CHI Conference on Human Factors in Computing Systems},
  pages={1--14},
  year={2019}
}